% Encoding: UTF-8


@article{lukito2015,
  title={Perbandingan Metode-Metode Klasifikasi Untuk Indoor Positioning System},
  author={Lukito, Yuan and Chrismanto, Antonius R},
  journal={Jurnal Teknik Informatika dan Sistem Informasi},
  volume={1},
  number={2},
  year={2015}
}

@article{dai2019,
  title={Combination of DNN and improved KNN for indoor location fingerprinting},
  author={Dai, Peng and Yang, Yuan and Wang, Manyi and Yan, Ruqiang},
  journal={Wireless Communications and Mobile Computing},
  volume={2019},
  year={2019},
  publisher={Hindawi}
}


@article{athoillah2018,
  title={Pengenalan Wajah Menggunakan SVM Multi Kernel dengan Pembelajaran yang Bertambah},
  author={Athoillah, Muhammad},
  journal={Jurnal Online Informatika},
  volume={2},
  number={2},
  pages={84--91},
  year={2018}
}


@article{Keluza2017,
  author  = {Keluža, Marin and Vukelic, Bernard},
  title   = {{A}nalysis of {A}n {I}ndoor {P}ositioning {S}ystems},
  journal = {Zbornik Veleučilišta u Rijeci},
  year    = {2017},
  volume  = {5},
  pages   = {13-32},
  month   = {01},
  doi     = {10.31784/zvr.5.1.2},
}

@article{rajagede2021,
  title={Presensi Kelas Berbasis Pola Wajah, Senyum dan Wi-Fi Terdekat dengan Deep Learning},
  author={Rajagede, Rian Adam and Rahmadi, Ridho and others},
  journal={Jurnal RESTI (Rekayasa Sistem Dan Teknologi Informasi)},
  volume={5},
  number={1},
  pages={31--38},
  year={2021}
}

@article{setiawan2015,
  title={{P}erancangan {S}istem {A}bsensi {K}ehadiran {P}erkuliahan dengan {M}enggunakan {R}adio {F}requency {I}dentification ({R}{F}{I}{d})},
  author={Setiawan, Eko Budi and Kurniawan, Bobi},
  journal={Jurnal CoreIT: Jurnal Hasil Penelitian Ilmu Komputer dan Teknologi Informasi},
  volume={1},
  number={2},
  pages={44--49},
  year={2015}
}

@article{paramitha2020,
  title={EVALUASI START-UP TEAMPAL. ID BERBASIS WEBSITE DENGAN METODE RETROSPECTIVE THINK ALOUD (RTA) DAN POST STUDY SYSTEM USABILITY QUESTIONNAIRE (PSSUQ)},
  author={Paramitha, AA Istri Ita and Artana, I Made and Andika, I Gede Irvan Pramanta and Putra, Gede Deva Ranandra and Purnawibawa, I Wayan Ady and Setiyoningsih, Anggun},
  journal={Jurnal Teknologi Informasi dan Komputer},
  volume={6},
  number={3},
  year={2020}
}

@article{lecun1989,
  title={{B}ackpropagation {A}pplied to {H}andwritten {Z}ip {C}ode {R}ecognition},
  author={LeCun, Yann and Boser, Bernhard and Denker, John S and Henderson, Donnie and Howard, Richard E and Hubbard, Wayne and Jackel, Lawrence D},
  journal={Neural computation},
  volume={1},
  number={4},
  pages={541--551},
  year={1989},
  publisher={MIT Press}
}

@article{rahadi2014,
  title={Pengukuran Usability Sistem Menggunakan Use Questionnaire Pada Aplikasi Android},
  author={Rahadi, Dedi Rianto},
  journal={JSI: Jurnal Sistem Informasi (E-Journal)},
  volume={6},
  number={1},
  year={2014}
}

@article{brooke1996,
  title={SUS: a “quick and dirty'usability},
  author={Brooke, John},
  journal={Usability evaluation in industry},
  pages={189},
  year={1996},
  publisher={CRC press}
}

@article{aprilia2015,
  title={{Pengujian Usability Website Menggunakan System Usability Scale Website Usability Testing using System Usability Scale}},
  author={Aprilia, Ika HN and Santoso, P Insap and Ferdiana, Ridi},
  journal={J. IPTEK-KOM},
  volume={17},
  number={1},
  pages={31--38},
  year={2015}
}

@Article{ardiansyah2016,
  author  = {Ardiansyah and Muhammad Imam Ghazali},
  title   = {{P}ENGUJIAN {U}SABILITY {U}SER {I}NTERFACE DAN {U}SER {E}XPERIENCE {A}PLIKASI {E}-{R}EADER {S}KRIPSI {B}ERBASIS {H}YPERTEXT},
  journal = {Jurnal Ilmiah Teknologi Informasi Terapan},
  year    = {2016},
  volume  = {2},
  pages   = {213-220},
  month   = {08},
  issue   = {3},
}

@inproceedings{cahyono2020,
  title={Face recognition system using facenet algorithm for employee presence},
  author={Cahyono, Ferry and Wirawan, Wirawan and Rachmadi, Reza Fuad},
  booktitle={2020 4th International Conference on Vocational Education and Training (ICOVET)},
  pages={57--62},
  year={2020},
  organization={IEEE}
}

@inproceedings{priadana2019,
  title={Face detection using haar cascades to filter selfie face image on instagram},
  author={Priadana, Adri and Habibi, Muhammad},
  booktitle={2019 International Conference of Artificial Intelligence and Information Technology (ICAIIT)},
  pages={6--9},
  year={2019},
  organization={IEEE}
}

@inproceedings{jose2019,
  title={Face recognition based surveillance system using facenet and mtcnn on jetson tx2},
  author={Jose, Edwin and Greeshma, M and Haridas, Mithun TP and Supriya, MH},
  booktitle={2019 5th International Conference on Advanced Computing \& Communication Systems (ICACCS)},
  pages={608--613},
  year={2019},
  organization={IEEE}
}

@inproceedings{kawaguchi2005,
  title={Face recognition-based lecture attendance system},
  author={Kawaguchi, Yohei and Shoji, Tetsuo and Lin, Weijane and Kakusho, Koh and Minoh, Michihiko},
  booktitle={The 3rd AEARU workshop on network education},
  pages={70--75},
  year={2005}
}

@inproceedings{cocskun2017,
  title={{F}ace {R}ecognition {B}ased on {C}onvolutional {N}eural {N}etwork},
  author={Co{\c{s}}kun, Musab and U{\c{c}}ar, Ay{\c{s}}eg{\"u}l and Yildirim, {\"O}zal and Demir, Yakup},
  booktitle={2017 International Conference on Modern Electrical and Energy Systems (MEES)},
  pages={376--379},
  year={2017},
  organization={IEEE}
}

@inproceedings{zeng2019,
  title={{D}esign of {I}ntelligent {C}lassroom {A}ttendance {S}ystem {B}ased on {F}ace {R}ecognition},
  author={Zeng, Wenxian and Meng, Qinglin and Li, Ran},
  booktitle={2019 IEEE 3rd Information Technology, Networking, Electronic and Automation Control Conference (ITNEC)},
  pages={611--615},
  year={2019},
  organization={IEEE}
}

@inproceedings{khan2019,
  title={Face Detection and Recognition Using OpenCV},
  author={Khan, Maliha and Chakraborty, Sudeshna and Astya, Rani and Khepra, Shaveta},
  booktitle={2019 International Conference on Computing, Communication, and Intelligent Systems (ICCCIS)},
  pages={116--119},
  year={2019},
  organization={IEEE}
}

@inproceedings{krizhevsky2012,
  title={{I}magenet {C}lassification {W}ith {D}eep {C}onvolutional {N}eural {N}etworks},
  author={Krizhevsky, Alex and Sutskever, Ilya and Hinton, Geoffrey E},
  booktitle={Advances in neural information processing systems},
  pages={1097--1105},
  year={2012}
}

@inproceedings{samet2017,
  title={{F}ace {R}ecognition-{B}ased {M}obile {A}utomatic {C}lassroom {A}ttendance {M}anagement {S}ystem},
  author={Samet, Refik and Tanriverdi, Muhammed},
  booktitle={2017 International Conference on Cyberworlds (CW)},
  pages={253--256},
  year={2017},
  organization={IEEE}
}

@inproceedings{boonchuay2017,
  title={{Design and Implementation a REST API for Association Rule Mining}},
  author={Boonchuay, Kesinee and Intasorn, Youppadee and Rattanaopas, Kritwara},
  booktitle={2017 14th International Conference on Electrical Engineering/Electronics, Computer, Telecommunications and Information Technology (ECTI-CON)},
  pages={668--671},
  year={2017},
  organization={IEEE}
}

@inproceedings{hsieh2016,
  title={{A Method for Web Application Data Migration Based on RESTful API: A Case Study of EzScrum}},
  author={Hsieh, Chin-Yun and Hsieh, Hong-An and Cheng, Yu Chin},
  booktitle={2016 International Conference on Applied System Innovation (ICASI)},
  pages={1--4},
  year={2016},
  organization={IEEE}
}

@inproceedings{damale2018,
  title={Face recognition based attendance system using machine learning algorithms},
  author={Damale, Radhika C and Pathak, Bazeshree V},
  booktitle={2018 Second International Conference on Intelligent Computing and Control Systems (ICICCS)},
  pages={414--419},
  year={2018},
  organization={IEEE}
}

@inproceedings{wang2020,
  title={Face Recognition System Based on CNN},
  author={Wang, Di and Yu, Hongzhi and Wang, Ding and Li, Guanyu},
  booktitle={2020 International Conference on Computer Information and Big Data Applications (CIBDA)},
  pages={470--473},
  year={2020},
  organization={IEEE}
}


@article{alqudah2016,
  title={{A Review of Scaling Agile Methods in Large Software Development}},
  author={Alqudah, Mashal and Razali, Rozilawati},
  journal={International Journal on Advanced Science, Engineering and Information Technology},
  volume={6},
  number={6},
  pages={828--837},
  year={2016}
}

@article{kenett2013,
  title={{Implementing SCRUM Using Business Process Management and Pattern Analysis Methodologies}},
  author={Kenett, Ron S},
  journal={Dynamic Relationships Management Journal},
  volume={2},
  number={2},
  pages={29--48},
  year={2013}
}

@article{ependi2018i,
  title={{Implementasi Model Scrum pada Sistem Informasi Seleksi Masuk Mahasiswa Politeknik Pariwisata Palembang}},
  author={Ependi, Usman},
  journal={Jurnal Informatika: Jurnal Pengembangan IT},
  volume={3},
  number={1},
  pages={49--55},
  year={2018}
}

@article{puspitasari2020,
  title={{Rancang Bangun Aplikasi Kehadiran Perkuliahan Berbasis Teknologi Indoor Positioning System Menggunakan Bluetooth Low Energy dan Metode Klasifikasi K-NN}},
  author={Puspitasari, Rizka},
  journal={ETD Unsyiah},
  year={2020}
}

@article{rizal2019,
  title={{R}estful {W}eb {S}ervice {U}ntuk {I}ntegrasi {S}istem {A}kademik {D}an {P}erpustakaan {U}niversitas {P}erjuangan},
  author={Rizal, Randi and Rahmatulloh, Alam},
  journal={Jurnal Ilmiah Informatika},
  volume={7},
  number={01},
  pages={54--59},
  year={2019}
}

@article{uccar2017,
  title={{O}bject {R}ecognition and {D}etection {W}ith {D}eep {L}earning for {A}utonomous {D}riving {A}pplications},
  author={U{\c{c}}ar, Ay{\c{s}}eg{\"u}l and Demir, Yakup and G{\"u}zeli{\c{s}}, C{\"u}neyt},
  journal={Simulation},
  volume={93},
  number={9},
  pages={759--769},
  year={2017},
  publisher={SAGE Publications Sage UK: London, England}
}

@article{luo2017,
  title={{A Deep Convolution Neural Network Model for Vehicle Recognition and Face Recognition}},
  author={Luo, Xingcheng and Shen, Ruihan and Hu, Jian and Deng, Jianhua and Hu, Linji and Guan, Qing},
  journal={Procedia Computer Science},
  volume={107},
  pages={715--720},
  year={2017},
  publisher={Elsevier}
}

@article{mustaqbal2015,
  title={Pengujian aplikasi menggunakan black box testing boundary value analysis (studi kasus: Aplikasi prediksi kelulusan smnptn)},
  author={Mustaqbal, M Sidi and Firdaus, Roeri Fajri and Rahmadi, Hendra},
  journal={Jurnal Ilmiah Teknologi Infomasi Terapan},
  volume={1},
  number={3},
  year={2015}
}

@book{kadir2014,
  title={From Zero To A Pro: Pemrograman Aplikasi Android},
  author={Kadir, Abdul},
  publisher = {Penerbit Andi},
  year={2014},
  editor={Maya},
  address={Yogyakarta}
}

@book{jackson2017,
  title={Android apps for absolute beginners: covering Android 7},
  author={Jackson, Wallace},
  year={2017},
  publisher={Apress}
}

@book{jackson2013,
  title={Learn Android App Development},
  author={Jackson, Wallace},
  year={2013},
  publisher={Apress}
}

@book{hagos2019,
  title={Android Studio IDE Quick Reference: A Pocket Guide to Android Studio Development},
  author={Hagos, Ted},
  year={2019},
  publisher={Apress}
}

@book{alfatta2007,
  title     = {Analisis dan Perancangan Sistem Informasi untuk Keunggulan Bersaing Perusahaan dan Organisasi Modern},
  publisher = {Andi},
  year      = {2007},
  author    = {Hanif Al Fatta},
  city      = {Yogyakarta}
}

@book{schutze2008,
  title={Introduction to information retrieval},
  author={Sch{\"u}tze, Hinrich and Manning, Christopher D and Raghavan, Prabhakar},
  volume={39},
  year={2008},
  publisher={Cambridge University Press Cambridge}
}

@book{han2011,
  title={Data mining: concepts and techniques},
  author={Han, Jiawei and Pei, Jian and Kamber, Micheline},
  year={2011},
  publisher={Elsevier}
}

@book{clarke2009,
  title={Principles and theory for data mining and machine learning},
  author={Clarke, Bertrand and Fokoue, Ernest and Zhang, Hao Helen and others},
  year={2009},
  publisher={Springer}
}

@misc{androidStudio,
	title = {Android Studio},
	author = {AndroidDev},
	 note   = "\url{https://developer.android.com/studio}",
	year = {accessed November 10, 2020}
}
\\
@misc{faceNet,
	title = {FaceNet Keras},
	author = {Nguyen ,Khoi},
	 note   = "\url{https://www.kaggle.com/datasets/suicaokhoailang/facenet-keras}",
	year = {accessed October 20, 2021}
}

@Comment{jabref-meta: databaseType:bibtex;}
